%% This BibTeX bibliography file was created using BibDesk.
%% http://bibdesk.sourceforge.net/

%% Created for Piotr Bielak at 2016-11-08 15:12:50 +0100


%% Saved with string encoding Unicode (UTF-8)



@misc{coding,
	Author = {Gokturk Ucoluk},
	Note = {Data dostępu: 15 stycznia 2017},
	Howpublished = {\url{http://user.ceng.metu.edu.tr/~ucoluk/research/publications/tspnew.pdf}},
	Title = {Genetic Algorithm Solution of the TSP Avoiding Special Crossover and Mutation}}

@misc{heidelberg,
	Howpublished = {\url{http://comopt.ifi.uni-heidelberg.de/software/TSPLIB95/}},
	Note = {Data dostępu: 15 stycznia 2017},
	Title = {TSPLIB}
}

@book{cormen,
	Author = {T.H. Cormen},
	Date-Added = {2016-11-08 14:07:50 +0000},
	Date-Modified = {2016-11-08 14:09:03 +0000},
	Publisher = {PWN},
	Title = {Wprowadzenie do algorytmów},
	Year = {2012}
}

@misc{coding2,
	Author = {T. Kapłon},
	Note = {Data dostępu: 15 stycznia 2017},
	Howpublished = {\url{http://zio.iiar.pwr.wroc.pl/pea/w9_ga_tsp.pdf}},
	Title = {Algorytmy genetyczne}}
